@article{benjamini2007false,
  title={{False Discovery Rates for Spatial Signals}},
  author={Benjamini, Yoav and Heller, Ruth},
  journal={Journal of the American Statistical Association},
  volume={102},
  number={480},
  pages={1272--1281},
  year={2007},
  publisher={Taylor \& Francis}
}

@article{benjamini1995controlling,
  title={{Controlling the False Discovery Rate: A Practical and Powerful Approach to Multiple Testing}},
  author={Benjamini, Yoav and Hochberg, Yosef},
  journal={Journal of the Royal Statistical Society: Series B (Methodological)},
  volume={57},
  number={1},
  pages={289--300},
  year={1995},
  publisher={Wiley Online Library}
}

@article{sun2015false,
  title={{False Discovery Control in Large-Scale Spatial Multiple Testing}},
  author={Sun, Wenguang and Reich, Brian J and Tony Cai, T and Guindani, Michele and Schwartzman, Armin},
  journal={Journal of the Royal Statistical Society: Series B (Statistical Methodology)},
  volume={77},
  number={1},
  pages={59--83},
  year={2015},
  publisher={Wiley Online Library}
}

@article{lei2018adapt,
  title={{AdaPT: An Interactive Procedure for Multiple Testing with Side Information}},
  author={Lei, Lihua and Fithian, William},
  journal={Journal of the Royal Statistical Society: Series B (Statistical Methodology)},
  volume={80},
  number={4},
  pages={649--679},
  year={2018},
  publisher={Wiley Online Library}
}

@article{cai2022laws,
  title={{LAWS: A Locally Adaptive Weighting and Screening Approach to Spatial Multiple Testing}},
  author={Cai, T Tony and Sun, Wenguang and Xia, Yin},
  journal={Journal of the American Statistical Association},
  volume={117},
  number={539},
  pages={1370--1383},
  year={2022},
  publisher={Taylor \& Francis}
}

@article{chandola2009anomaly,
  title={{Anomaly Detection: A Survey}},
  author={Chandola, Varun and Banerjee, Arindam and Kumar, Vipin},
  journal={ACM Computing Surveys (CSUR)},
  volume={41},
  number={3},
  pages={1--58},
  year={2009},
  publisher={ACM New York, NY, USA}
}

@book{shewhart1931economic,
  title={{Economic Control of Quality of Manufactured Product}},
  author={Shewhart, Walter Andrew},
  year={1931},
  publisher={Macmillan And Co Ltd, London}
}

@article{grubbs1969procedures,
  title={{Procedures for Detecting Outlying Observations in Samples}},
  author={Grubbs, Frank E},
  journal={Technometrics},
  volume={11},
  number={1},
  pages={1--21},
  year={1969},
  publisher={Taylor \& Francis}
}

@inproceedings{surace1998novelty,
  title={{A Novelty Detection Method to Diagnose Damage in Structures: An Application to an Offshore Platform}},
  author={Surace, C and Worden, K},
  booktitle={The Eighth International Offshore and Polar Engineering Conference},
  year={1998},
  organization={OnePetro}
}

@article{eskin2000anomaly,
  title={{Anomaly Detection Over Noisy Data Using Learned Probability Distributions}},
  author={Eskin, Eleazar},
  year={2000}
}

@article{denning1987intrusion,
  title={{An Intrusion-Detection Model}},
  author={Denning, Dorothy E},
  journal={IEEE Transactions on Software Engineering},
  number={2},
  pages={222--232},
  year={1987},
  publisher={IEEE}
}

@inproceedings{fawcett1999activity,
  title={{Activity Monitoring: Noticing Interesting Changes in Behavior}},
  author={Fawcett, Tom and Provost, Foster},
  booktitle={Proceedings of the Fifth ACM SIGKDD International Conference on Knowledge Discovery and Data Mining},
  pages={53--62},
  year={1999}
}

@article{parzen1962estimation,
  title={{On Estimation of a Probability Density Function and Mode}},
  author={Parzen, Emanuel},
  journal={The Annals of Mathematical Statistics},
  volume={33},
  number={3},
  pages={1065--1076},
  year={1962},
  publisher={JSTOR}
}

@article{desforges1998applications,
  title={{Applications of Probability Density Estimation to the Detection of Abnormal Conditions in Engineering}},
  author={Desforges, MJ and Jacob, PJ and Cooper, JE},
  journal={Proceedings of the Institution of Mechanical Engineers, Part C: Journal of Mechanical Engineering Science},
  volume={212},
  number={8},
  pages={687--703},
  year={1998},
  publisher={SAGE Publications Sage UK: London, England}
}

@article{fisch2020anomaly,
  title={{Anomaly: Detection of Anomalous Structure in Time Series Data}},
  author={Fisch, Alex and Grose, Daniel and Eckley, Idris A and Fearnhead, Paul and Bardwell, Lawrence},
  journal={arXiv Preprint arXiv:2010.09353},
  year={2020}
}

@article{fisch2018linear,
  title={{A Linear Time Method for the Detection of Point and Collective Anomalies}},
  author={Fisch, Alexander and Eckley, Idris A and Fearnhead, Paul},
  journal={arXiv Preprint arXiv:1806.01947},
  year={2018}
}

@article{fisch2022real,
  title={{Real Time Anomaly Detection and Categorisation}},
  author={Fisch, Alexander and Bardwell, Lawrence and Eckley, Idris A},
  journal={Statistics and Computing},
  volume={32},
  number={4},
  pages={1--15},
  year={2022},
  publisher={Springer}
}

@article{fisch2021subset,
  title={{Subset Multivariate Collective and Point Anomaly Detection}},
  author={Fisch, Alexander TM and Eckley, Idris A and Fearnhead, Paul},
  journal={Journal of Computational and Graphical Statistics},
  pages={1--12},
  year={2021},
  publisher={Taylor \& Francis}
}

@article{jeng2013simultaneous,
  title={{Simultaneous Discovery of Rare and Common Segment Variants}},
  author={Jeng, X Jessie and Cai, T Tony and Li, Hongzhe},
  journal={Biometrika},
  volume={100},
  number={1},
  pages={157--172},
  year={2013},
  publisher={Oxford University Press}
}

@article{bardwell2017bayesian,
  title={{Bayesian Detection of Abnormal Segments in Multiple Time Series}},
  author={Bardwell, Lawrence and Fearnhead, Paul},
  journal={Bayesian Analysis},
  volume={12},
  number={1},
  pages={193--218},
  year={2017},
  publisher={International Society for Bayesian Analysis}
}

@incollection{aggarwal2017introduction,
  title={{An Introduction to Outlier Analysis}},
  author={Aggarwal, Charu C},
  booktitle={{Outlier Analysis}},
  pages={1--34},
  year={2017},
  publisher={Springer}
}

@article{braei2020anomaly,
  title={{Anomaly Detection in Univariate Time-Series: A Survey on the State-of-the-Art}},
  author={Braei, Mohammad and Wagner, Sebastian},
  journal={arXiv Preprint arXiv:2004.00433},
  year={2020}
}

@article{muler2009robust,
  title={{Robust Estimation for ARMA Models}},
  author={Muler, Nora and Pena, Daniel and Yohai, Victor J},
  journal={The Annals of Statistics},
  volume={37},
  number={2},
  pages={816--840},
  year={2009},
  publisher={Institute of Mathematical Statistics}
}

@article{jackson2005algorithm,
  title={{An Algorithm for Optimal Partitioning of Data on an Interval}},
  author={Jackson, Brad and Scargle, Jeffrey D and Barnes, David and Arabhi, Sundararajan and Alt, Alina and Gioumousis, Peter and Gwin, Elyus and Sangtrakulcharoen, Paungkaew and Tan, Linda and Tsai, Tun Tao},
  journal={IEEE Signal Processing Letters},
  volume={12},
  number={2},
  pages={105--108},
  year={2005},
  publisher={IEEE}
}

@article{bland1995multiple,
  title={{Multiple Significance Tests: The Bonferroni Method}},
  author={Bland, J Martin and Altman, Douglas G},
  journal={BMJ},
  volume={310},
  number={6973},
  pages={170},
  year={1995},
  publisher={British Medical Journal Publishing Group}
}

@article{kulldorff1995spatial,
  title={{Spatial Disease Clusters: Detection and Inference}},
  author={Kulldorff, Martin and Nagarwalla, Neville},
  journal={Statistics in Medicine},
  volume={14},
  number={8},
  pages={799--810},
  year={1995},
  publisher={Wiley Online Library}
}

@article{naus1965distribution,
  title={{The Distribution of the Size of the Maximum Cluster of Points on a Line}},
  author={Naus, Joseph I},
  journal={Journal of the American Statistical Association},
  volume={60},
  number={310},
  pages={532--538},
  year={1965},
  publisher={Taylor \& Francis}
}

@article{kulldorff1997spatial,
  title={{A Spatial Scan Statistic}},
  author={Kulldorff, Martin},
  journal={Communications in Statistics-Theory and Methods},
  volume={26},
  number={6},
  pages={1481--1496},
  year={1997},
  publisher={Taylor \& Francis}
}

@article{dwass1957modified,
  title={{Modified Randomization Tests for Nonparametric Hypotheses}},
  author={Dwass, Meyer},
  journal={The Annals of Mathematical Statistics},
  pages={181--187},
  year={1957},
  publisher={JSTOR}
}

@article{kulldorff2005space,
  title={{A Space--Time Permutation Scan Statistic for Disease Outbreak Detection}},
  author={Kulldorff, Martin and Heffernan, Richard and Hartman, Jessica and Assun{\c{c}}ao, Renato and Mostashari, Farzad},
  journal={PLoS Medicine},
  volume={2},
  number={3},
  pages={e59},
  year={2005},
  publisher={Public Library of Science San Francisco, USA}
}

@article{neill2012fast,
  title={{Fast Subset Scan for Spatial Pattern Detection}},
  author={Neill, Daniel B},
  journal={Journal of the Royal Statistical Society: Series B (Statistical Methodology)},
  volume={74},
  number={2},
  pages={337--360},
  year={2012},
  publisher={Wiley Online Library}
}

@article{speakman2016penalized,
  title={{Penalized Fast Subset Scanning}},
  author={Speakman, Skyler and Somanchi, Sriram and McFowland III, Edward and Neill, Daniel B},
  journal={Journal of Computational and Graphical Statistics},
  volume={25},
  number={2},
  pages={382--404},
  year={2016},
  publisher={Taylor \& Francis}
}

@inproceedings{speakman2010fast,
  title={{Fast Graph Scan for Scalable Detection of Arbitrary Connected Clusters}},
  author={Speakman, Skyler and Neill, Daniel B},
  booktitle={Proceedings of the 2009 International Society for Disease Surveillance Annual Conference},
  year={2010}
}

@article{tansey2018false,
  title={{False Discovery Rate Smoothing}},
  author={Tansey, Wesley and Koyejo, Oluwasanmi and Poldrack, Russell A and Scott, James G},
  journal={Journal of the American Statistical Association},
  volume={113},
  number={523},
  pages={1156--1171},
  year={2018},
  publisher={Taylor \& Francis}
}

@article{efron2001empirical,
  title={{Empirical Bayes Analysis of a Microarray Experiment}},
  author={Efron, Bradley and Tibshirani, Robert and Storey, John D and Tusher, Virginia},
  journal={Journal of the American Statistical Association},
  volume={96},
  number={456},
  pages={1151--1160},
  year={2001},
  publisher={Taylor \& Francis}
}

@article{leek2008general,
  title={{A General Framework for Multiple Testing Dependence}},
  author={Leek, Jeffrey T and Storey, John D},
  journal={Proceedings of the National Academy of Sciences},
  volume={105},
  number={48},
  pages={18718--18723},
  year={2008},
  publisher={National Acad Sciences}
}

@article{fan2012estimating,
  title={{Estimating False Discovery Proportion Under Arbitrary Covariance Dependence}},
  author={Fan, Jianqing and Han, Xu and Gu, Weijie},
  journal={Journal of the American Statistical Association},
  volume={107},
  number={499},
  pages={1019--1035},
  year={2012},
  publisher={Taylor \& Francis}
}

@misc{IQR,
  author = {Hyndman},
  title = {{Detecting Time Series Outliers}},
  howpublished = "https://robjhyndman.com/hyndsight/tsoutliers/",
  year = {2021}
}

@article{rosner1983percentage,
  title={{Percentage Points for a Generalized ESD Many-Outlier Procedure}},
  author={Rosner, Bernard},
  journal={Technometrics},
  volume={25},
  number={2},
  pages={165--172},
  year={1983},
  publisher={Taylor \& Francis}
}

@inproceedings{wu2010spatio,
  title={{Spatio-Temporal Outlier Detection in Precipitation Data}},
  author={Wu, Elizabeth and Liu, Wei and Chawla, Sanjay},
  booktitle={Knowledge Discovery from Sensor Data: Second International Workshop, Sensor-KDD 2008, Las Vegas, NV, USA, August 24-27, 2008, Revised Selected Papers},
  pages={115--133},
  year={2010},
  organization={Springer}
}

@article{lu2007detecting,
  title={{Detecting and Tracking Regional Outliers in Meteorological Data}},
  author={Lu, Chang-Tien and Kou, Yufeng and Zhao, Jiang and Chen, Li},
  journal={Information Sciences},
  volume={177},
  number={7},
  pages={1609--1632},
  year={2007},
  publisher={Elsevier}
}

@inproceedings{faghmous2013parameter,
  title={{A Parameter-Free Spatio-Temporal Pattern Mining Model to Catalog Global Ocean Dynamics}},
  author={Faghmous, James H and Le, Matthew and Uluyol, Muhammed and Kumar, Vipin and Chatterjee, Snigdhansu},
  booktitle={2013 IEEE 13th International Conference on Data Mining},
  pages={151--160},
  year={2013},
  organization={IEEE}
}

@inproceedings{faghmous2012novel,
  title={{A Novel and Scalable Spatio-Temporal Technique for Ocean Eddy Monitoring}},
  author={Faghmous, James and Chamber, Yashu and Boriah, Shyam and Vikeb{\o}, Frode and Liess, Stefan and dos Santos Mesquita, Michel and Kumar, Vipin},
  booktitle={Proceedings of the AAAI Conference on Artificial Intelligence},
  volume={26},
  number={1},
  pages={281--287},
  year={2012}
}

@inproceedings{macqueen1967some,
  title={{Some Methods for Classification and Analysis of Multivariate Observations}},
  author={MacQueen, James and others},
  booktitle={Proceedings of the Fifth Berkeley Symposium on Mathematical Statistics and Probability},
  volume={1},
  number={14},
  pages={281--297},
  year={1967},
  organization={Oakland, CA, USA}
}

@article{munir2018deepant,
  title={{DeepAnT: A Deep Learning Approach for Unsupervised Anomaly Detection in Time Series}},
  author={Munir, Mohsin and Siddiqui, Shoaib Ahmed and Dengel, Andreas and Ahmed, Sheraz},
  journal={IEEE Access},
  volume={7},
  pages={1991--2005},
  year={2018},
  publisher={IEEE}
}

@inproceedings{malhotra2015long,
  title={{Long Short Term Memory Networks for Anomaly Detection in Time Series}},
  author={Malhotra, Pankaj and Vig, Lovekesh and Shroff, Gautam and Agarwal, Puneet and others},
  booktitle={ESANN},
  volume={2015},
  pages={89},
  year={2015}
}

@article{malhotra2016lstm,
  title={{LSTM-Based Encoder-Decoder for Multi-Sensor Anomaly Detection}},
  author={Malhotra, Pankaj and Ramakrishnan, Anusha and Anand, Gaurangi and Vig, Lovekesh and Agarwal, Puneet and Shroff, Gautam},
  journal={arXiv Preprint arXiv:1607.00148},
  year={2016}
}

@article{xu2021anomaly,
  title={{Anomaly Transformer: Time Series Anomaly Detection with Association Discrepancy}},
  author={Xu, Jiehui and Wu, Haixu and Wang, Jianmin and Long, Mingsheng},
  journal={arXiv Preprint arXiv:2110.02642},
  year={2021}
}

@article{nie2022time,
  title={{A Time Series is Worth 64 Words: Long-Term Forecasting with Transformers}},
  author={Nie, Yuqi and Nguyen, Nam H and Sinthong, Phanwadee and Kalagnanam, Jayant},
  journal={arXiv Preprint arXiv:2211.14730},
  year={2022}
}

@inproceedings{zeng2023transformers,
  title={{Are Transformers Effective for Time Series Forecasting?}},
  author={Zeng, Ailing and Chen, Muxi and Zhang, Lei and Xu, Qiang},
  booktitle={Proceedings of the AAAI Conference on Artificial Intelligence},
  volume={37},
  number={9},
  pages={11121--11128},
  year={2023}
}

@inproceedings{geiger2020tadgan,
  title={{TADGAN: Time Series Anomaly Detection Using Generative Adversarial Networks}},
  author={Geiger, Alexander and Liu, Dongyu and Alnegheimish, Sarah and Cuesta-Infante, Alfredo and Veeramachaneni, Kalyan},
  booktitle={2020 IEEE International Conference on Big Data (Big Data)},
  pages={33--43},
  year={2020},
  organization={IEEE}
}

@article{entekhabi2010soil,
  title={{The Soil Moisture Active Passive (SMAP) Mission}},
  author={Entekhabi, Dara and Njoku, Eni G and O'neill, Peggy E and Kellogg, Kent H and Crow, Wade T and Edelstein, Wendy N and Entin, Jared K and Goodman, Shawn D and Jackson, Thomas J and Johnson, Joel and others},
  journal={Proceedings of the IEEE},
  volume={98},
  number={5},
  pages={704--716},
  year={2010},
  publisher={IEEE}
}

@article{paschalidis2008spatio,
  title={{Spatio-Temporal Network Anomaly Detection by Assessing Deviations of Empirical Measures}},
  author={Paschalidis, Ioannis Ch and Smaragdakis, Georgios},
  journal={IEEE/ACM Transactions on Networking},
  volume={17},
  number={3},
  pages={685--697},
  year={2008},
  publisher={IEEE}
}
