@article{li2021prediction,
  title={A prediction and imputation method for marine animal movement data},
  author={Li, Xinqing and Sindihebura, Tanguy Tresor and Zhou, Lei and Duarte, Carlos M and Costa, Daniel P and Hindell, Mark A and McMahon, Clive and Muelbert, M{\^o}nica MC and Zhang, Xiangliang and Peng, Chengbin},
  journal={PeerJ Computer Science},
  volume={7},
  pages={e656},
  year={2021},
  publisher={PeerJ Inc.}
}


@article{rew2019animal,
  title={Animal movement prediction based on predictive recurrent neural network},
  author={Rew, Jehyeok and Park, Sungwoo and Cho, Yongjang and Jung, Seungwon and Hwang, Eenjun},
  journal={Sensors},
  volume={19},
  number={20},
  pages={4411},
  year={2019},
  publisher={MDPI}
}

@article{hirakawa2018can,
  title={Can AI predict animal movements? Filling gaps in animal trajectories using inverse reinforcement learning},
  author={Hirakawa, Tsubasa and Yamashita, Takayoshi and Tamaki, Toru and Fujiyoshi, Hironobu and Umezu, Yuta and Takeuchi, Ichiro and Matsumoto, Sakiko and Yoda, Ken},
  journal={Ecosphere},
  volume={9},
  number={10},
  pages={e02447},
  year={2018},
  publisher={Wiley Online Library}
}


@article{carroll2014supervised,
  title={Supervised accelerometry analysis can identify prey capture by penguins at sea},
  author={Carroll, Gemma and Slip, David and Jonsen, Ian and Harcourt, Rob},
  journal={Journal of Experimental Biology},
  volume={217},
  number={24},
  pages={4295--4302},
  year={2014},
  publisher={Company of Biologists}
}


@article{grunewalder2012movement,
  title={Movement activity based classification of animal behaviour with an application to data from cheetah (Acinonyx jubatus)},
  author={Gr{\"u}new{\"a}lder, Steffen and Broekhuis, Femke and Macdonald, David Whyte and Wilson, Alan Martin and McNutt, John Weldon and Shawe-Taylor, John and Hailes, Stephen},
  journal={PloS one},
  volume={7},
  number={11},
  pages={e49120},
  year={2012},
  publisher={Public Library of Science San Francisco, USA}
}


@article{rubin1996multiple,
  title={Multiple imputation after 18+ years},
  author={Rubin, Donald B},
  journal={Journal of the American statistical Association},
  volume={91},
  number={434},
  pages={473--489},
  year={1996},
  publisher={Taylor \& Francis}
}

@article{hooten2010agent,
  title={Agent-based inference for animal movement and selection},
  author={Hooten, Mevin B and Johnson, Devin S and Hanks, Ephraim M and Lowry, John H},
  journal={Journal of Agricultural, Biological and Environmental Statistics},
  volume={15},
  pages={523--538},
  year={2010},
  publisher={Springer}
}

@article{hanks2011velocity,
  title={Velocity-based movement modeling for individual and population level inference},
  author={Hanks, Ephraim M and Hooten, Mevin B and Johnson, Devin S and Sterling, Jeremy T},
  journal={PLoS One},
  volume={6},
  number={8},
  pages={e22795},
  year={2011},
  publisher={Public Library of Science San Francisco, USA}
}

@article{holzmann2006hidden,
  title={Hidden Markov models for circular and linear-circular time series},
  author={Holzmann, Hajo and Munk, Axel and Suster, Max and Zucchini, Walter},
  journal={Environmental and Ecological Statistics},
  volume={13},
  pages={325--347},
  year={2006},
  publisher={Springer}
}

@article{patterson2009classifying,
  title={Classifying movement behaviour in relation to environmental conditions using hidden Markov models},
  author={Patterson, Toby A and Basson, Marinelle and Bravington, Mark V and Gunn, John S},
  journal={Journal of Animal Ecology},
  volume={78},
  number={6},
  pages={1113--1123},
  year={2009},
  publisher={Wiley Online Library}
}

@article{mckellar2015using,
  title={Using mixed hidden Markov models to examine behavioral states in a cooperatively breeding bird},
  author={McKellar, Ann E and Langrock, Roland and Walters, Jeffrey R and Kesler, Dylan C},
  journal={Behavioral Ecology},
  volume={26},
  number={1},
  pages={148--157},
  year={2015},
  publisher={Oxford University Press UK}
}

@article{towner2016sex,
  title={Sex-specific and individual preferences for hunting strategies in white sharks},
  author={Towner, Alison V and Leos-Barajas, Vianey and Langrock, Roland and Schick, Robert S and Smale, Malcolm J and Kaschke, Tami and Jewell, Oliver JD and Papastamatiou, Yannis P},
  journal={Functional Ecology},
  volume={30},
  number={8},
  pages={1397--1407},
  year={2016},
  publisher={Wiley Online Library}
}


@article{johnson2008continuous,
  title={Continuous-time correlated random walk model for animal telemetry data},
  author={Johnson, Devin S and London, Joshua M and Lea, Mary-Anne and Durban, John W},
  journal={Ecology},
  volume={89},
  number={5},
  pages={1208--1215},
  year={2008},
  publisher={Wiley Online Library}
}

@article{buderman2016functional,
  title={A functional model for characterizing long-distance movement behaviour},
  author={Buderman, Frances E and Hooten, Mevin B and Ivan, Jacob S and Shenk, Tanya M},
  journal={Methods in Ecology and Evolution},
  volume={7},
  number={3},
  pages={264--273},
  year={2016},
  publisher={Wiley Online Library}
}

@article{breed2012state,
  title={State-space methods for more completely capturing behavioral dynamics from animal tracks},
  author={Breed, Greg A and Costa, Daniel P and Jonsen, Ian D and Robinson, Patrick W and Mills-Flemming, Joanna},
  journal={Ecological Modelling},
  volume={235},
  pages={49--58},
  year={2012},
  publisher={Elsevier}
}

@article{martiskainen2009cow,
  title={Cow behaviour pattern recognition using a three-dimensional accelerometer and support vector machines},
  author={Martiskainen, Paula and J{\"a}rvinen, Mikko and Sk{\"o}n, Jukka-Pekka and Tiirikainen, Jarkko and Kolehmainen, Mikko and Mononen, Jaakko},
  journal={Applied animal behaviour science},
  volume={119},
  number={1-2},
  pages={32--38},
  year={2009},
  publisher={Elsevier}
}

@book{durbin2012time,
  title={Time series analysis by state space methods},
  author={Durbin, James and Koopman, Siem Jan},
  volume={38},
  year={2012},
  publisher={OUP Oxford}
}

@article{tashiro2021csdi,
  title={Csdi: Conditional score-based diffusion models for probabilistic time series imputation},
  author={Tashiro, Yusuke and Song, Jiaming and Song, Yang and Ermon, Stefano},
  journal={Advances in Neural Information Processing Systems},
  volume={34},
  pages={24804--24816},
  year={2021}
}

@article{ho2020denoising,
  title={Denoising diffusion probabilistic models},
  author={Ho, Jonathan and Jain, Ajay and Abbeel, Pieter},
  journal={Advances in neural information processing systems},
  volume={33},
  pages={6840--6851},
  year={2020}
}


@article{vaswani2017attention,
  title={Attention is all you need},
  author={Vaswani, Ashish and Shazeer, Noam and Parmar, Niki and Uszkoreit, Jakob and Jones, Llion and Gomez, Aidan N and Kaiser, {\L}ukasz and Polosukhin, Illia},
  journal={Advances in neural information processing systems},
  volume={30},
  year={2017}
}


@article{kong2020diffwave,
  title={Diffwave: A versatile diffusion model for audio synthesis},
  author={Kong, Zhifeng and Ping, Wei and Huang, Jiaji and Zhao, Kexin and Catanzaro, Bryan},
  journal={arXiv preprint arXiv:2009.09761},
  year={2020}
}

@inproceedings{sohl2015deep,
  title={Deep unsupervised learning using nonequilibrium thermodynamics},
  author={Sohl-Dickstein, Jascha and Weiss, Eric and Maheswaranathan, Niru and Ganguli, Surya},
  booktitle={International conference on machine learning},
  pages={2256--2265},
  year={2015},
  organization={PMLR}
}

@article{paszke2019pytorch,
  title={Pytorch: An imperative style, high-performance deep learning library},
  author={Paszke, Adam and Gross, Sam and Massa, Francisco and Lerer, Adam and Bradbury, James and Chanan, Gregory and Killeen, Trevor and Lin, Zeming and Gimelshein, Natalia and Antiga, Luca and others},
  journal={Advances in neural information processing systems},
  volume={32},
  year={2019}
}

@article{song2020denoising,
  title={Denoising diffusion implicit models},
  author={Song, Jiaming and Meng, Chenlin and Ermon, Stefano},
  journal={arXiv preprint arXiv:2010.02502},
  year={2020}
}

@book{anderson1976land,
  title={A land use and land cover classification system for use with remote sensor data},
  author={Anderson, James Richard},
  volume={964},
  year={1976},
  publisher={US Government Printing Office}
}

@article{matheson1976scoring,
  title={Scoring rules for continuous probability distributions},
  author={Matheson, James E and Winkler, Robert L},
  journal={Management science},
  volume={22},
  number={10},
  pages={1087--1096},
  year={1976},
  publisher={INFORMS}
}


@misc{scikitlearnRandomForest,
  title = {RandomForestRegressor},
  howpublished = {\url{https://scikit-learn.org/stable/modules/generated/sklearn.ensemble.RandomForestRegressor.html}},
  note = {Accessed: 2024-04-02},
  year = {2024}
}

@Manual{R,    title = {R: A Language and Environment for Statistical Computing},    author = {{R Core Team}},    organization = {R Foundation for Statistical Computing},    address = {Vienna, Austria},    year = {2022},    url = {https://www.R-project.org/},  }
  
  
@article{johnson2018crawl,
  title={crawl: an R package for fitting continuous-time correlated random walk models to animal movement data},
  author={Johnson, DS and London, JM},
  journal={Zenodo},
  volume={10},
  year={2018}
}

@misc{usgs_nlcd_2011,
    author = {{U.S. Geological Survey}},
    title = {National Land Cover Database (NLCD), WI 2011},
    year = {2011},
    url = {https://geodata.wisc.edu/catalog/A0C11B79-9893-4CB2-A7B4-26B700D4F1BE}
}
